<record><leader>00000cas a2200000 a 4500</leader><controlfield tag="001">25089486</controlfield><controlfield tag="008">920111d19821982vtuwr n       0   a0eng d</controlfield><datafield ind1=" " ind2=" " tag="010"><subfield code="a">sn 99067827 </subfield></datafield><datafield ind1=" " ind2=" " tag="040"><subfield code="a">VLD</subfield><subfield code="b">eng</subfield><subfield code="c">VLD</subfield><subfield code="d">NVN</subfield><subfield code="d">OCLCQ</subfield></datafield><datafield ind1=" " ind2=" " tag="043"><subfield code="a">n-us-vt</subfield></datafield><datafield ind1="0" ind2=" " tag="130"><subfield code="a">Independent (Saint Johnsbury, Vt.)</subfield></datafield><datafield ind1="1" ind2="4" tag="245"><subfield code="a">The Independent.</subfield></datafield><datafield ind1=" " ind2=" " tag="260"><subfield code="a">St Johnsbury, Vt. :</subfield><subfield code="b">Caledonia Independent,</subfield><subfield code="c">1982-1982.</subfield></datafield><datafield ind1=" " ind2=" " tag="300"><subfield code="a">v. :</subfield><subfield code="b">ill. ;</subfield><subfield code="c">42 cm.</subfield></datafield><datafield ind1=" " ind2=" " tag="310"><subfield code="a">Weekly (except last week in Dec.)</subfield></datafield><datafield ind1="0" ind2=" " tag="362"><subfield code="a">V. 2, no. 23 (June 14, 1982)-(Dec. 20, 1982).</subfield></datafield><datafield ind1=" " ind2="0" tag="651"><subfield code="a">Saint Johnsbury (Vt.)</subfield><subfield code="v">Newspapers.</subfield></datafield><datafield ind1=" " ind2="0" tag="651"><subfield code="a">Caledonia County (Vt.)</subfield><subfield code="v">Newspapers.</subfield></datafield><datafield ind1=" " ind2="0" tag="651"><subfield code="a">Vermont</subfield><subfield code="v">Newspapers.</subfield></datafield><datafield ind1=" " ind2=" " tag="752"><subfield code="a">United States</subfield><subfield code="b">Vermont</subfield><subfield code="c">Caledonia</subfield><subfield code="d">Saint Johnsbury.</subfield></datafield><datafield ind1="0" ind2="0" tag="780"><subfield code="t">Caledonia independent (Saint Johnsbury, Vt.)</subfield><subfield code="w">(DLC)sn 99067826</subfield><subfield code="w">(OCoLC)25088482</subfield></datafield></record>